<record><leader>00000cas a22000007a 4500</leader><controlfield tag="001">10209066</controlfield><controlfield tag="008">831210d18511937pauwr ne      0   a0eng d</controlfield><datafield ind1=" " ind2=" " tag="010"><subfield code="a">sn 83032199 </subfield></datafield><datafield ind1=" " ind2=" " tag="040"><subfield code="a">NPU</subfield><subfield code="b">eng</subfield><subfield code="c">NPU</subfield><subfield code="d">NPH</subfield><subfield code="d">NPX</subfield><subfield code="d">OCLCQ</subfield><subfield code="d">TGN</subfield><subfield code="d">OCLCQ</subfield><subfield code="d">IUL</subfield><subfield code="d">DLC</subfield><subfield code="d">OCLCF</subfield></datafield><datafield ind1="0" ind2=" " tag="022"><subfield code="a">2330-8400</subfield><subfield code="2">1</subfield></datafield><datafield ind1="1" ind2=" " tag="029"><subfield code="a">AU@</subfield><subfield code="b">000026926213</subfield></datafield><datafield ind1=" " ind2=" " tag="042"><subfield code="a">msc</subfield><subfield code="a">nsdp</subfield></datafield><datafield ind1=" " ind2=" " tag="043"><subfield code="a">n-us-pa</subfield></datafield><datafield ind1="0" ind2="0" tag="050"><subfield code="a">Newspaper</subfield></datafield><datafield ind1="0" ind2="0" tag="082"><subfield code="a">071</subfield><subfield code="2">23</subfield></datafield><datafield ind1=" " ind2="0" tag="222"><subfield code="a">Clearfield Republican</subfield><subfield code="b">(Print)</subfield></datafield><datafield ind1="0" ind2="0" tag="245"><subfield code="a">Clearfield Republican.</subfield></datafield><datafield ind1=" " ind2=" " tag="260"><subfield code="a">Clearfield, Pa. :</subfield><subfield code="b">D.W. Moore,</subfield><subfield code="c">-1937.</subfield></datafield><datafield ind1=" " ind2=" " tag="300"><subfield code="a">v. :</subfield><subfield code="b">ill. ;</subfield><subfield code="c">51-73 cm.</subfield></datafield><datafield ind1=" " ind2=" " tag="310"><subfield code="a">Weekly</subfield></datafield><datafield ind1="1" ind2=" " tag="362"><subfield code="a">Began in Feb. 1851.</subfield><subfield code="z">Cf. Rossell, G.E. Pa. newspapers.</subfield></datafield><datafield ind1="0" ind2=" " tag="362"><subfield code="a">-v. 110, no. 1 (June 1, 1937).</subfield></datafield><datafield ind1=" " ind2=" " tag="500"><subfield code="a">Publishers: D.W. Moore, &lt;1851&gt;; G.B. Goodlander &amp; Co., &lt;1861&gt;; Goodlander &amp; Hagerty, &lt;1873&gt;; John F. Short, &lt;1914&gt;.</subfield></datafield><datafield ind1=" " ind2=" " tag="500"><subfield code="a">"Democratic," &lt;1861&gt;.</subfield></datafield><datafield ind1=" " ind2=" " tag="530"><subfield code="a">Archived issues are available in digital format as part of the Library of Congress Chronicling America online collection.</subfield></datafield><datafield ind1=" " ind2=" " tag="588"><subfield code="a">Description based on: Vol. 3, no. 1 (Nov. 14, 1851).</subfield></datafield><datafield ind1=" " ind2="0" tag="651"><subfield code="a">Clearfield (Clearfield County, Pa.)</subfield><subfield code="v">Newspapers.</subfield></datafield><datafield ind1=" " ind2="0" tag="651"><subfield code="a">Clearfield County (Pa.)</subfield><subfield code="v">Newspapers.</subfield></datafield><datafield ind1=" " ind2="7" tag="655"><subfield code="a">Newspapers.</subfield><subfield code="2">fast</subfield><subfield code="0">(OCoLC)fst01423814</subfield></datafield><datafield ind1=" " ind2="7" tag="651"><subfield code="a">Pennsylvania</subfield><subfield code="z">Clearfield (Clearfield County)</subfield><subfield code="2">fast</subfield><subfield code="0">(OCoLC)fst01313658</subfield></datafield><datafield ind1=" " ind2="7" tag="651"><subfield code="a">Pennsylvania</subfield><subfield code="z">Clearfield County.</subfield><subfield code="2">fast</subfield><subfield code="0">(OCoLC)fst01209832</subfield></datafield><datafield ind1=" " ind2=" " tag="752"><subfield code="a">United States</subfield><subfield code="b">Pennsylvania</subfield><subfield code="c">Clearfield</subfield><subfield code="d">Clearfield.</subfield></datafield><datafield ind1="0" ind2="8" tag="776"><subfield code="i">Online version:</subfield><subfield code="t">Clearfield Republican (Online)</subfield><subfield code="x">2330-8419</subfield><subfield code="w">(DLC)  2013218954</subfield><subfield code="w">(OCoLC)857585856</subfield></datafield><datafield ind1="0" ind2="0" tag="780"><subfield code="t">Country dollar</subfield><subfield code="w">(DLC)sn 85054633</subfield><subfield code="w">(OCoLC)12130327</subfield></datafield><datafield ind1="0" ind2="0" tag="785"><subfield code="t">Clearfield times</subfield><subfield code="w">(DLC)sn 85054631</subfield><subfield code="w">(OCoLC)12130349</subfield></datafield><datafield ind1="4" ind2="1" tag="856"><subfield code="u">http://chroniclingamerica.loc.gov/lccn/sn83032199/issues</subfield></datafield></record>